@Book{lt2021,
  author = {刘遄},
  title = {Linux就该这么学},
  year = 2021,
  publisher = {人民邮电出版社}
}

@Book{yy2009,
  author = {于渊},
  title = {OrangeS:一个操作系统的实现},
  year = 2009,
  publisher = {电子工业出版社}
}

@Book{zg2016,
  author = {郑钢},
  title = {操作系统真象还原},
  year = 2016,
  publisher = {人民邮电出版社}
}

@Book{ws2013,
  author = {王爽},
  title = {汇编语言},
  year = 2013,
  publisher = {清华大学出版社}
}

@Book{zsn2022,
  author = {张书宁},
  title = {文件系统技术内幕：大数据时代海量数据存储之道},
  year = 2022,
  publisher = {电子工业出版社}
}

@Book{chxs2012,
  author = {川合秀实},
  title = {30天自制操作系统},
  year = 2012,
  publisher = {人民邮电出版社}
}

@Book{RL2011,
  author = {Robert Love},
  title = {Linux内核设计与实现},
  year = 2011,
  publisher = {机械工业出版社}
}

@Book{DM2006,
  author = {Daniel P.Bovet, Marco Cesati},
  title = {深入理解LINUX内核},
  year = 2006,
  publisher = {东南大学出版社}
}

@Book{LWY2013,
  author = {李忠,王晓波,余洁},
  title = {x86汇编语言:从实模式到保护模式},
  year = 2013,
  publisher = {电子工业出版社}
}

@Book{HD2008,
  author = {霍顿},
  title = {C语言入门经典},
  year = 2008,
  publisher = {清华大学出版社}
}
